Bibliography
@book{Guha_2008,
  address   = {New York, NY},
  title     = {India after Gandhi: The history of the worldâ€™s largest democracy},
  isbn      = {9780060958589},
  publisher = {HarperCollins},
  author    = {Guha, Ramachandra},
  year      = {2008}
}

@book{Williams_2020,
  title     = {Django for Beginners: Build Websites with Python and Django (Welcome to Django)},
  author    = {Vincent, William S.},
  publisher = {WelcomeToCode},
  year      = {2020},
  month     = {8},
  day       = {10},
  date      = {2020-08-10},
  edition   = {Paperback},
  language  = {English},
  pages     = {317},
  keywords  = {Web Development & Design Programming, Python Programming, Internet & Social Media, Computer Programming Languages},
  isbn      = {978-1735467207},
  isbn10    = {1735467200},
  url       = {https://lead.to/amazon/com/?op=bt&la=en&cu=usd&key=1735467200},
  url-am    = {https://www.amazon.com/dp/1735467200/},
  url-go    = {https://books.google.com/books?isbn=9781735467207},
  url-wo    = {https://www.worldcat.org/search?qt=l2a&q=isbn%3A9781735467207},
  price     = {$39.00},
  condition = {New},
  timestamp = {2023-02-14}
}

